@MISC{archimate,
  title        = "{ArchiMate\textregistered{}} 3.2 specification",
  booktitle    = "Opengroup.org",
  author       = "{The Open Group}",
  howpublished = "\url{https://pubs.opengroup.org/architecture/archimate32-doc/ch-Introduction.html}",
  note         = "Accessed: 2024",
  language     = "en",
}

@BOOK{ADM_definition,
  title     = "{TOGAF\textregistered{}} Version 9.1 - A pocket guide",
  author    = "Josey, Andrew",
  publisher = "Van Haren",
  year      =  2016,
  language  = "en"
}

@INCOLLECTION{Archimate_definition,
  title     = "The architecture of the {ArchiMate} language",
  booktitle = "Enterprise, {Business-Process} and Information Systems Modeling",
  author    = "Lankhorst, M M and Proper, H A and Jonkers, H",
  publisher = "Springer Berlin Heidelberg",
  pages     = "367--380",
  year      =  2009,
  address   = "Berlin, Heidelberg"
}

@MISC{definicion_capas,

title        = "{MODELO DE ARQUITECTURA DE
SOFTWARE PARA EL PROCESAMIENTO DE
DATOS EN ARQUITECTURAS ACTUALES
} ",
  howpublished = "\url{https://repository.udistrital.edu.co/bitstream/handle/11349/29557/QuilindoCelisLuzAmandaVegaGuarinJuanSebastian2021.pdf?sequence=1&isAllowed=y}",
  note         = "Accessed: 2024",
  language     = "en"
}

%@MISC{definicion_puntos_de_vista,
%
%    title        = "{DISENO DE UN PROTOTIPO WEB DE RECOLECCIÓN Y VALIDACIÓN´
%DE DATOS EMPLEADOS PARA DETECTAR ENFERMEDADES EN LAS
%HOJAS DE PLANTAS MEDICINALES A TRAVES DE PROCESAMIENTO ´
%DE IMAGENES MEDIANTE REDES NEURONALES CONVOLUCIONALES ´
%CASO DE ESTUDIO CALENDULA (CERCOSPORA) Y ALBAHACA ´
%(COLLETOTRICHUM GLOEOSPORIOIDES).} ",
%
%  howpublished = "\url{https://repository.udistrital.edu.co/bitstream/handle/11349/29604/BeltránBeltránNéstorCamilo2021.pdf?%sequence=1&isAllowed=y}",
%  note         = "Accessed: 2024",
%  language     = "en"
%}

@MISC{why_is_important_ADM,
  title        = "{ArchiMate\textregistered{}} forum",
  booktitle    = "www.opengroup.org",
  howpublished = "\url{https://www.opengroup.org/archimate-forum}",
  note         = "Accessed: 2024",
  language     = "en"
}

@MISC{capas_ADM,
  title        = "Using {ArchiMate} with {TOGAF} {ADM}",
  booktitle    = "{ArchiMate} Resources for {FREE}",
  month        =  feb,
  year         =  2018,
  howpublished = "\url{https://archimate.visual-paradigm.com/using-archimate-with-togaf-adm/}",
  note         = "Accessed: 2024",
  language     = "en"
}

@MISC{archimate3_oficial,
  title        = "{ArchiMate\textregistered{}} 3.0.1 Specification",
  author       = "{The Open Group}",
  howpublished = "\url{https://pubs.opengroup.org/architecture/archimate3-doc/}",
  note         = "Accessed: 2024",
  language     = "en"
}

@MISC{farmaweb_case,
  author       = "Sandro Bolaños",
  title        = "Farma-Web: Caso de Estudio – Ingeniería de Software, Arquitectura Empresarial",
  year         = "2021",
  howpublished = "Material de clase",
  note         = "Universidad Distrital Francisco José de Caldas",
  language     = "es"
}

