@book{IDL1,
	author = {Sandro Bola√±os},
	title = {Metaproceso de Software},

}
